<?xml version="1.0" encoding="UTF-8"?><collection xmlns="http://www.loc.gov/MARC21/slim"><record><leader>00478nam--2200169-i-4500</leader><controlfield tag="001">000047204</controlfield><controlfield tag="002">20161230</controlfield><controlfield tag="005">20161230201046</controlfield><controlfield tag="008">060222s1000------------r-----000-0-eng-d</controlfield><datafield ind1=" " ind2=" " tag="040"><subfield code="a">IFIN-HH</subfield></datafield><datafield ind1=" " ind2=" " tag="080"><subfield code="a">539.1</subfield></datafield><datafield ind1="1" ind2=" " tag="100"><subfield code="a">White,Harvey E</subfield></datafield><datafield ind1="1" ind2="0" tag="245"><subfield code="a">Introduction to atomic and nuclear physics</subfield><subfield code="c">Harvey e. white</subfield></datafield><datafield ind1=" " ind2=" " tag="260"><subfield code="a">Princeton, New Jersey ,1964. X + 560 P</subfield><subfield code="b">D.Van Nostrand Company, Inc</subfield><subfield code="c">1964</subfield></datafield><datafield ind1=" " ind2=" " tag="300"><subfield code="a">560P</subfield></datafield><datafield ind1=" " ind2=" " tag="852"><subfield code="a">21263</subfield><subfield code="c">539</subfield></datafield><datafield ind1=" " ind2=" " tag="CAT"><subfield code="a">Sys</subfield><subfield code="c">20110930</subfield><subfield code="h">121246</subfield></datafield></record></collection>